<record xmlns:xsi="http://www.w3.org/2001/XMLSchema-instance" xmlns="http://www.loc.gov/MARC21/slim" xsi:schemaLocation="http://www.loc.gov/MARC21/slim http://www.loc.gov/standards/marcxml/schema/MARC21slim.xsd">

  <leader>00528nam a2200157Ia 4500</leader>
  <datafield ind2=" " ind1=" " tag="020">
    <subfield code="a"/>
  </datafield>
  <datafield ind1=" " tag="090" ind2=" ">
    <subfield code="a">090CD # 160</subfield>
  </datafield>
  <datafield ind2=" " tag="100" ind1=" ">
    <subfield code="a">sin nombre</subfield>
  </datafield>
  <datafield ind2=" " tag="245" ind1=" ">
    <subfield code="a">Proyecto manejo de la disciplina en el aula y el centro educativo: marcha por la No Violencia escuela José Martí, San Isidro de Heredia (disco compacto) / sin nombre</subfield>
  </datafield>
  <datafield ind1=" " tag="260" ind2=" ">
    <subfield code="a">sin lugar : </subfield>
    <subfield code="b">editorial, </subfield>
    <subfield code="c"> sin fecha</subfield>
  </datafield>
  <datafield tag="300" ind1=" " ind2=" ">
    <subfield code="a">Disco Compacto</subfield>
  </datafield>
  <datafield ind2=" " ind1=" " tag="650">
    <subfield code="a">MARCHA\DISCIPLINA</subfield>
  </datafield>
  <datafield ind1=" " tag="650" ind2=" ">
    <subfield code="a">ESTABLECIMIENTOS DE ENSEÑANZA</subfield>
  </datafield>
  <datafield tag="650" ind1=" " ind2=" ">
    <subfield code="a">NO VIOLENCIA</subfield>
  </datafield>
  <datafield ind1=" " tag="942" ind2=" ">
    <subfield code="p">003459 </subfield>
  </datafield>
  <datafield ind1=" " tag="999" ind2=" ">
    <subfield code="c">2427</subfield>
    <subfield code="d">2427</subfield>
  </datafield>
</record>